@article{Yi_2019,
     author = {Peng Yi and Lacra Pavel},
      title = {{An Operator Splitting Approach for Distributed Generalized Nash Equilibria Computation}},
    journal = {{Automatica}},
        doi = {10.1016/j.automatica.2019.01.008},
       year = {2019},
      month = {4},
  publisher = {{Elsevier BV}},
     volume = {102},
      pages = {111--121},
}

@article{Yu_2017,
     author = {Chung-Kai Yu and Mihaela van der Schaar and Ali H. Sayed},
      title = {Distributed Learning for Stochastic Generalized Nash Equilibrium Problems},
    journal = {{IEEE} Transactions on Signal Processing},
        doi = {10.1109/tsp.2017.2695451},
       year = {2017},
      month = {8},
  publisher = {Institute of Electrical and Electronics Engineers ({IEEE})},
     volume = {65},
     number = {15},
      pages = {3893--3908}
}
